@online{covidtracking,
	title = {The {COVID} Tracking Project},
	url = {https://covidtracking.com/},
	abstract = {The {COVID} Tracking Project collects and publishes the most complete testing data available for {US} states and territories.},
	titleaddon = {The {COVID} Tracking Project},
	urldate = {2020-09-06},
	langid = {english},
	file = {Snapshot:/Users/ms/Zotero/storage/T34IU98Y/covidtracking.com.html:text/html}
}